<record><leader>00000cas a2200000 a 4500</leader><controlfield tag="001">9765209</controlfield><controlfield tag="008">830801d18091833nyuwr ne      0    0eng c</controlfield><datafield ind1=" " ind2=" " tag="010"><subfield code="a">sn 83031068 </subfield></datafield><datafield ind1=" " ind2=" " tag="040"><subfield code="a">NPU</subfield><subfield code="b">eng</subfield><subfield code="c">NPU</subfield><subfield code="d">DLC</subfield><subfield code="d">NPX</subfield><subfield code="d">NYS</subfield><subfield code="d">CNK</subfield><subfield code="d">NYS</subfield><subfield code="d">OCL</subfield><subfield code="d">NYS</subfield><subfield code="d">DLC</subfield><subfield code="d">NYS</subfield><subfield code="d">NVF</subfield><subfield code="d">CRL</subfield><subfield code="d">KRTAS</subfield><subfield code="d">DLC</subfield><subfield code="d">OCLCQ</subfield><subfield code="d">OCLCF</subfield><subfield code="d">CUS</subfield></datafield><datafield ind1=" " ind2=" " tag="042"><subfield code="a">pcc</subfield></datafield><datafield ind1=" " ind2=" " tag="043"><subfield code="a">n-us-ny</subfield></datafield><datafield ind1="0" ind2="0" tag="050"><subfield code="a">Newspaper</subfield></datafield><datafield ind1="1" ind2="4" tag="050"><subfield code="a">AN</subfield></datafield><datafield ind1="0" ind2="0" tag="245"><subfield code="a">Orange County patriot, or The spirit of seventy-six.</subfield></datafield><datafield ind1="3" ind2="0" tag="246"><subfield code="a">Orange County patriot</subfield></datafield><datafield ind1="3" ind2="0" tag="246"><subfield code="a">Spirit of seventy-six</subfield></datafield><datafield ind1="3" ind2=" " tag="246"><subfield code="a">Spirit of 76</subfield></datafield><datafield ind1=" " ind2=" " tag="260"><subfield code="a">Goshen, N.Y. :</subfield><subfield code="b">G. Denton</subfield></datafield><datafield ind1=" " ind2=" " tag="300"><subfield code="a">v. ;</subfield><subfield code="c">51-56 cm.</subfield></datafield><datafield ind1=" " ind2=" " tag="310"><subfield code="a">Weekly</subfield></datafield><datafield ind1="1" ind2=" " tag="362"><subfield code="a">Began 1809; ceased 1833.</subfield></datafield><datafield ind1=" " ind2=" " tag="500"><subfield code="a">Published at Goshen, N.Y., 1809-Mar. 19, 1811; at Newburgh, N.Y., Mar. 26, 1811-Apr. 1812; at Goshen, N.Y., May 5, 1812-1833.</subfield></datafield><datafield ind1=" " ind2=" " tag="500"><subfield code="a">Publishers: G. Denton, 1809 ; T.B. Crowell, 1809-1811 ; Lewis &amp; Crowell, 1811 ; T.B. Crowell, 1811-&lt;1827&gt; ; Robert C.S. Hendrie, &lt;1829-1832&gt;.</subfield></datafield><datafield ind1=" " ind2=" " tag="500"><subfield code="a">References: Shaw &amp; Shoemaker 18294; Brigham, C.S. Amer. newspapers, p. 576.</subfield></datafield><datafield ind1=" " ind2=" " tag="500"><subfield code="a">Motto: "Open to all parties, but influenced by none."</subfield></datafield><datafield ind1=" " ind2=" " tag="515"><subfield code="a">Issues for Mar. 26-Dec. 17, 1811 numbered new ser., vol. 1, no. 1-v. 1, no. 39.</subfield></datafield><datafield ind1=" " ind2=" " tag="588"><subfield code="a">Description based on: Vol. 1, no. 7 (Mar. 21, 1809).</subfield></datafield><datafield ind1=" " ind2="0" tag="651"><subfield code="a">Goshen (N.Y.)</subfield><subfield code="v">Newspapers.</subfield></datafield><datafield ind1=" " ind2="0" tag="651"><subfield code="a">Newburgh (N.Y.)</subfield><subfield code="v">Newspapers.</subfield></datafield><datafield ind1=" " ind2="0" tag="651"><subfield code="a">Orange County (N.Y.)</subfield><subfield code="v">Newspapers.</subfield></datafield><datafield ind1=" " ind2="7" tag="651"><subfield code="a">New York (State)</subfield><subfield code="z">Goshen.</subfield><subfield code="2">fast</subfield><subfield code="0">(OCoLC)fst01221923</subfield></datafield><datafield ind1=" " ind2="7" tag="651"><subfield code="a">New York (State)</subfield><subfield code="z">Newburgh.</subfield><subfield code="2">fast</subfield><subfield code="0">(OCoLC)fst01215294</subfield></datafield><datafield ind1=" " ind2="7" tag="651"><subfield code="a">New York (State)</subfield><subfield code="z">Orange County.</subfield><subfield code="2">fast</subfield><subfield code="0">(OCoLC)fst01206784</subfield></datafield><datafield ind1=" " ind2="7" tag="655"><subfield code="a">Newspapers.</subfield><subfield code="2">fast</subfield><subfield code="0">(OCoLC)fst01423814</subfield></datafield><datafield ind1="1" ind2=" " tag="700"><subfield code="a">Denton, Gabriel.</subfield></datafield><datafield ind1="1" ind2=" " tag="700"><subfield code="a">Crowell, T. B.</subfield><subfield code="q">(Timothy Bloomfield)</subfield></datafield><datafield ind1="1" ind2=" " tag="700"><subfield code="a">Lewis, Eldad,</subfield><subfield code="d">1755-1825.</subfield></datafield><datafield ind1=" " ind2=" " tag="752"><subfield code="a">United States</subfield><subfield code="b">New York</subfield><subfield code="c">Orange</subfield><subfield code="d">Goshen.</subfield></datafield><datafield ind1="0" ind2="5" tag="780"><subfield code="t">Newburgh Republican</subfield><subfield code="w">(DLC)sn 85026607</subfield><subfield code="w">(OCoLC)12294117</subfield></datafield><datafield ind1="0" ind2="0" tag="785"><subfield code="t">Democrat (Goshen, N.Y.)</subfield><subfield code="w">(DLC)sn 83031086</subfield><subfield code="w">(OCoLC)9772129</subfield></datafield><datafield ind1="4" ind2="1" tag="856"><subfield code="3">01/07/1817 to 12/31/1821</subfield><subfield code="u">http://infoweb.newsbank.com/?db=EANX&amp;s_browseRef=decades/10C7AD9D4E4B4188/all.xml</subfield></datafield><datafield ind1=" " ind2=" " tag="938"><subfield code="a">Kirtas Technologies, Inc.</subfield><subfield code="b">KRTS</subfield><subfield code="n">737199</subfield></datafield><datafield ind1="1" ind2=" " tag="029"><subfield code="a">AU@</subfield><subfield code="b">000020127259</subfield></datafield></record>